<?xml version="1.0" encoding="utf-8"?>
<record xmlns="http://www.loc.gov/MARC21/slim" xmlns:xsi="http://www.w3.org/2001/XMLSchema-instance" xsi:schemaLocation="http://www.loc.gov/MARC21/slim http://www.loc.gov/standards/marcxml/schema/MARC21slim.xsd">
	<leader>     nam a22     Mi 4500</leader>
	<controlfield tag="001">b1256543x</controlfield>
	<controlfield tag="003">UaCaAUL</controlfield>
	<controlfield tag="006">m        d        </controlfield>
	<controlfield tag="007">cr cn |||m|||a</controlfield>
	<controlfield tag="008">191028s1925    ua      o     000 0 ara d</controlfield>
	<datafield ind1=" " ind2=" " tag="040">
		<subfield code="a">ZYU</subfield>
		<subfield code="b">ara</subfield>
		<subfield code="e">rda</subfield>
		<subfield code="c">ZYU</subfield>
	</datafield>
	<datafield ind1=" " ind2="4" tag="050">
		<subfield code="a">BP88.G47</subfield>
		<subfield code="b">A2 1925</subfield>
	</datafield>
	<datafield ind1="0" ind2=" " tag="100">
		<subfield code="6">880-01</subfield>
		<subfield code="a">Ghazzālī,</subfield>
		<subfield code="d">1058-1111.</subfield>
	</datafield>
	<datafield ind1="1" ind2="0" tag="245">
		<subfield code="6">880-02</subfield>
		<subfield code="a">Farāʼid al-laʼālī min rasāʼil al-Ghazzālī :</subfield>
		<subfield code="b">majmūʻah mushtamilah ʻalá Miʻrāj al-sālikīn wa-Minhāj al-ʻārifīn wa-Rawḍat al-ṭālibīn, wa-hiya min anfas mā katabahu al-Ghazzālī /</subfield>
		<subfield code="c">wa- qadd tafaḍḍal al-Imām al-wḥīd al-ustādh al-farīd (al-shaykh Muḥammad Bakhīt, muftī al-diyār al-Miṣrīyah sābiqan) bi-taṣḥīḥihā, wa-raghbatan fī taʻmīm nafʻihā qadd qaraʼa juzʼan minhā fī Ramaḍān sanat (43) wa-waʻada bi-itmāmihā fī Ramaḍān sanat (44 H).</subfield>
	</datafield>
	<datafield ind1=" " ind2="1" tag="264">
		<subfield code="6">880-03</subfield>
		<subfield code="a">[Cairo] :</subfield>
		<subfield code="b">Faraj Allāh Dhakī al-Kurdī,</subfield>
		<subfield code="c">1344 [1925]</subfield>
	</datafield>
	<datafield ind1=" " ind2="3" tag="264">
		<subfield code="6">880-04</subfield>
		<subfield code="a">Miṣr :</subfield>
		<subfield code="b">Maṭbaʻat al-Saʻādah bijiwār Muḥāfaẓat Miṣr.</subfield>
	</datafield>
	<datafield ind1=" " ind2=" " tag="300">
		<subfield code="a">online resource (8, 262 pages)</subfield>
	</datafield>
	<datafield ind1=" " ind2=" " tag="336">
		<subfield code="a">text</subfield>
		<subfield code="2">rdacontent</subfield>
	</datafield>
	<datafield ind1=" " ind2=" " tag="337">
		<subfield code="a">computer</subfield>
		<subfield code="2">rdamedia</subfield>
	</datafield>
	<datafield ind1=" " ind2=" " tag="338">
		<subfield code="a">online resource</subfield>
		<subfield code="2">rdacarrier</subfield>
	</datafield>
	<datafield ind1=" " ind2=" " tag="500">
		<subfield code="6">880-05</subfield>
		<subfield code="a">Colophon dated: Muḥarram al-ḥarām (sanat 1344 H).</subfield>
	</datafield>
	<datafield ind1=" " ind2=" " tag="500">
		<subfield code="6">880-06</subfield>
		<subfield code="a">Qāla fī Kashf al-ẓunūn (Miʻrāj al-sālikīn) lil-Imām Abī Ḥāmid Muḥammad al-Ghazālī al-mutawaffá sanat 505 awwalahu Allāhumma innā naḥmiduka wa-nashkuraka ilakh.</subfield>
	</datafield>
	<datafield ind1=" " ind2=" " tag="500">
		<subfield code="6">880-07</subfield>
		<subfield code="a">Ḥuqūq al-ṭabʻ maḥfūẓah li-nāshirihā wa-multazim ṭabʻihā, fa-man tajāsar ʻalá ṭabʻihā yulzam bi-al-taʻwīḍ mālam yubriz nusakhan qadīmah tadul annahā ṭubiʻat minhā.</subfield>
	</datafield>
	<datafield ind1=" " ind2=" " tag="500">
		<subfield code="a">Part of the Arabic Collections Online (ACO) project, contributed by American University in Cairo Library.</subfield>
	</datafield>
	<datafield ind1=" " ind2=" " tag="533">
		<subfield code="a">Electronic reproduction.</subfield>
		<subfield code="b">New York, N.Y. :</subfield>
		<subfield code="c">New York University,</subfield>
		<subfield code="d">2019.</subfield>
		<subfield code="5">NNU</subfield>
	</datafield>
	<datafield ind1=" " ind2="0" tag="650">
		<subfield code="a">Islam</subfield>
		<subfield code="x">Collected works.</subfield>
	</datafield>
	<datafield ind1="1" ind2=" " tag="700">
		<subfield code="6">880-08</subfield>
		<subfield code="a">Bakhīt, Muḥammad,</subfield>
		<subfield code="d">1854-</subfield>
	</datafield>
	<datafield ind1="0" ind2="2" tag="700">
		<subfield code="6">880-09</subfield>
		<subfield code="a">Ghazzālī,</subfield>
		<subfield code="d">1058-1111.</subfield>
		<subfield code="t">Rawḍat al-ṭālibīn wa-ʻumdat al-sālikīn.</subfield>
	</datafield>
	<datafield ind1="0" ind2="2" tag="700">
		<subfield code="6">880-10</subfield>
		<subfield code="a">Ghazzālī,</subfield>
		<subfield code="d">1058-1111.</subfield>
		<subfield code="t">Miʻrāj al-sālikīn.</subfield>
	</datafield>
	<datafield ind1="0" ind2="2" tag="700">
		<subfield code="6">880-11</subfield>
		<subfield code="a">Ghazzālī,</subfield>
		<subfield code="d">1058-1111.</subfield>
		<subfield code="t">Minhāj al-ʻārifīn.</subfield>
	</datafield>
	<datafield ind1="2" ind2=" " tag="710">
		<subfield code="a">American University in Cairo.</subfield>
		<subfield code="b">Library.</subfield>
	</datafield>
	<datafield ind1="0" ind2=" " tag="730">
		<subfield code="a">Arabic Collections Online.</subfield>
	</datafield>
	<datafield ind1="0" ind2="8" tag="776">
		<subfield code="i">Print version:</subfield>
		<subfield code="a">Ghazzālī, 1058-1111.</subfield>
		<subfield code="t">Farāʼid al-laʼālī min rasāʼil al-Ghazzālī</subfield>
		<subfield code="w">(UaCaAUL)b1256543x</subfield>
		<subfield code="w">(OCoLC)318939923</subfield>
	</datafield>
	<datafield ind1="4" ind2="0" tag="856">
		<subfield code="u">http://hdl.handle.net/2333.1/xksn0bv6</subfield>
	</datafield>
	<datafield ind1="0" ind2=" " tag="880">
		<subfield code="6">100-01</subfield>
		<subfield code="a">غزالي،</subfield>
		<subfield code="d">1058-1111.</subfield>
	</datafield>
	<datafield ind1="1" ind2="0" tag="880">
		<subfield code="6">245-02</subfield>
		<subfield code="a">فرائد اللآلي من رسائل الغزالي :</subfield>
		<subfield code="b">مجموعة مشتملة على معراج السالكين ومنهاج العارفين وروضة الطالبين، وهي من أنفس ما كتبه الغزالي /</subfield>
		<subfield code="c">و قد تفضل الامام الوحيد والأستاذ الفريد (الشيخ محمد بخيت، مفتي الديار المصرية سابقا) بتصحيحها، ورغبة في تعميم نفعها قد قرأ جزأ منها في رمضان سنة (43) ووعد باتمامها في رمضان سنة (44 ه).</subfield>
	</datafield>
	<datafield ind1=" " ind2="1" tag="880">
		<subfield code="6">264-03</subfield>
		<subfield code="a">[Cairo] :</subfield>
		<subfield code="b">فرج الله ذكي الكردي،</subfield>
		<subfield code="c">1344 [1925]</subfield>
	</datafield>
	<datafield ind1=" " ind2="3" tag="880">
		<subfield code="6">264-04</subfield>
		<subfield code="a">مصر :</subfield>
		<subfield code="b">مطبعة السعادة بجوار محافظة مصر.</subfield>
	</datafield>
	<datafield ind1=" " ind2=" " tag="880">
		<subfield code="6">500-05</subfield>
		<subfield code="a">Colophon dated: محرم الحرام (سنة 1344 ه).</subfield>
	</datafield>
	<datafield ind1=" " ind2=" " tag="880">
		<subfield code="6">500-06</subfield>
		<subfield code="a">قال في كشف الظنون (معراج السالين) للامام أبي حامد محمد الغزالي المتوفى سنة 505 أوله اللهم إنا نحمدك ونشكرك الخ.</subfield>
	</datafield>
	<datafield ind1=" " ind2=" " tag="880">
		<subfield code="6">500-07</subfield>
		<subfield code="a">حقوق الطبع محفوظة لناشرها وملتزم طبعها، فمن تجاسر على طبعها يلزم بالتعويض مالم يبرز نسخا قديمة تدل انها طبعت منها.</subfield>
	</datafield>
	<datafield ind1="1" ind2=" " tag="880">
		<subfield code="6">700-08</subfield>
		<subfield code="a">بخيت، محمد،</subfield>
		<subfield code="d">1854-</subfield>
	</datafield>
	<datafield ind1="0" ind2="2" tag="880">
		<subfield code="6">700-09</subfield>
		<subfield code="a">غزالي،</subfield>
		<subfield code="d">1058-1111.</subfield>
		<subfield code="t">روضة الطالبين وعمدة السالكين.</subfield>
	</datafield>
	<datafield ind1="0" ind2="2" tag="880">
		<subfield code="6">700-10</subfield>
		<subfield code="a">غزالي،</subfield>
		<subfield code="d">1058-1111.</subfield>
		<subfield code="t">معراج السالكين.</subfield>
	</datafield>
	<datafield ind1="0" ind2="2" tag="880">
		<subfield code="6">700-11</subfield>
		<subfield code="a">غزالي،</subfield>
		<subfield code="d">1058-1111.</subfield>
		<subfield code="t">منهاج العارفين.</subfield>
	</datafield>
	<datafield ind1=" " ind2=" " tag="959">
		<subfield code="a">NNU</subfield>
		<subfield code="b">WEB</subfield>
		<subfield code="c">GENI</subfield>
		<subfield code="t">0</subfield>
		<subfield code="m">Electronic access</subfield>
		<subfield code="s">01</subfield>
	</datafield>
	<datafield ind1=" " ind2=" " tag="999">
		<subfield code="i">UaCaAUL_b1256543x</subfield>
		<subfield code="o">(OCoLC)ocn318939923</subfield>
		<subfield code="s">auc_aco000655</subfield>
		<subfield code="s">auc_aco000655</subfield>
	</datafield>
</record>
